<?xml version="1.0" encoding="UTF-8"?><collection xmlns="http://www.loc.gov/MARC21/slim"><record><leader>00505nam--2200181-i-4500</leader><controlfield tag="001">000011123</controlfield><controlfield tag="002">20161230</controlfield><controlfield tag="005">20161230201029</controlfield><controlfield tag="008">060222s1000------------r-----000-0-eng-d</controlfield><datafield ind1=" " ind2=" " tag="040"><subfield code="a">IFIN-HH</subfield></datafield><datafield ind1=" " ind2=" " tag="080"><subfield code="a">530.1:539.1</subfield></datafield><datafield ind1="1" ind2=" " tag="100"><subfield code="a">Acosta, Virgilio</subfield></datafield><datafield ind1="1" ind2="0" tag="245"><subfield code="a">Essentials of modern physics</subfield><subfield code="c">Virgilio acosta, clyde l. cowan, b.j. graham</subfield></datafield><datafield ind1=" " ind2=" " tag="260"><subfield code="a">New York</subfield><subfield code="b">Harper And Row, Publishers</subfield><subfield code="c">1973</subfield></datafield><datafield ind1=" " ind2=" " tag="300"><subfield code="a">XIII + 594 P</subfield></datafield><datafield ind1="1" ind2=" " tag="700"><subfield code="a">Graham, B.J</subfield></datafield><datafield ind1=" " ind2=" " tag="852"><subfield code="a">41258</subfield><subfield code="c">53</subfield></datafield><datafield ind1=" " ind2=" " tag="CAT"><subfield code="a">Sys</subfield><subfield code="c">20150318</subfield><subfield code="h">150739</subfield></datafield></record></collection>